
@inproceedings{minsky:1991,
  title={Logical vs. analogical or symbolic vs. connectionist or neat vs. scruffy},
  author={Minsky, Marvin},
  booktitle={Artificial intelligence at MIT expanding frontiers},
  pages={218--243},
  year={1991},
  organization={MIT press}
}

@book{hume:1902,
  title={Enquiries concerning the human understanding: and concerning the principles of morals},
  author={Hume, David},
  volume={921},
  year={1902},
  publisher={Clarendon Press}
}

@book{perner:1991,
  title={Understanding the representational mind.},
  author={Perner, Josef},
  year={1991},
  publisher={the MIT press}
}




% necessary for colophon
@BOOK{bringhurst:2002,
  address   = {Point Roberts, WA, USA},
  author    = {Robert Bringhurst},
  publisher = {Hartley \& Marks, Publishers},
  series    = {Version 2.5},
  title     = {The Elements of Typographic Style},
  year      = {2002},
}
